@book{Sedra2004,
title = {Microelectronic Circuits},
author = {Adel S. Sedra and Kenneth C. Smith},
year = {2004},
edition={fifth},
publisher = {Oxford University Press}
}

@electronic{ref:roteiro,
    title = "Roteiro Experimento 5",
    author={Bruno, MASIERO},
    howpublished = "Disponível em: https://tinyurl.com/yatzb2ot,
    Acesso em: 21-10-2018",
    url = {https://tinyurl.com/yatzb2ot}
}

@electronic{ref:exp4,
    title = "Relatório Experimento 4",
    author={Seong Kim and Bianca Itiroko and Luiz Cartolano}, 
    howpublished = "Disponível em: https://tinyurl.com/ybg5zgn2,
    Acesso em: 21-10-2018",
    url = {https://tinyurl.com/ybg5zgn2}
}
