@book{Sedra2004,
title = {Microelectronic Circuits},
author = {Adel S. Sedra and Kenneth C. Smith},
year = {2004},
edition={fifth},
publisher = {Oxford University Press}
}

@electronic{ref:roteiro,
    title = "Pre Relatorio 6",
    author={Bruno, MASIERO},
    howpublished = "Disponível em: \url{https://tinyurl.com/preRelatorio6},
    Acesso em: 06-11-2018",
    url = {https://tinyurl.com/preRelatorio6}
}

@electronic{ref:simu,
    title = "Simulação do circuito",
    howpublished = "Disponível em: \url{http://tinyurl.com/yc6yqqos},
    Acesso em: 10-09-2018",
    url = {http://tinyurl.com/y8r22xyj}
}