@book{Sedra2004,
title = {Microelectronic Circuits},
author = {Adel S. Sedra and Kenneth C. Smith},
year = {2004},
edition={fifth},
publisher = {Oxford University Press}
}

@electronic{ref:roteiro,
    title = "Pre Relatorio 3",
    author={Bruno, MASIERO},
    howpublished = "Disponível em: https://tinyurl.com/yauaysee,
    Acesso em: 10-09-2018",
    url = {https://docs.google.com/document/d/1h-BYj4MxfY2aPVJ9uTNCnuWjzOUxBpYe4MyNs55P588/edit}
}

@electronic{ref:simu,
    title = "Simulação do circuito",
    howpublished = "Disponível em: http://tinyurl.com/ydelmkhx,
    Acesso em: 10-09-2018",
    url = {http://tinyurl.com/ydelmkhx}
}

@electronic{ref:datasheet,
    title = "Datasheet",
    howpublished = "Disponível em: https://tinyurl.com/y9oqc5vx,
    Acesso em: 10-09-2018",
    url = {https://alltransistors.com/pdfview.php?doc=bss100.pdf&dire=_infineon}
}