@book{Sedra2004,
title = {Microelectronic Circuits},
author = {Adel S. Sedra and Kenneth C. Smith},
year = {2004},
edition={fifth},
publisher = {Oxford University Press}
}

@electronic{ref:roteiro,
    title = "Roteiro Experimento 1",
    author={Bruno, MASIERO},
    howpublished = "Dispon√≠vel em: https://bit.ly/2vQIiWx,
    Acesso em: 10-08-2018",
    url = {https://docs.google.com/document/d/1BP_xVMHE5ZzrM90RXI8vjwz-Q3KLT761djUVUmaQPdg/edit}
}
