@book{Sedra2004,
title = {Microelectronic Circuits},
author = {Adel S. Sedra and Kenneth C. Smith},
year = {2004},
edition={fifth},
publisher = {Oxford University Press}
}

@electronic{ref:roteiro,
    title = "Pre Relatorio 4",
    author={Bruno, MASIERO},
    howpublished = "Disponível em: https://tinyurl.com/y9er7y7a,
    Acesso em: 10-09-2018",
    url = {https://tinyurl.com/y9er7y7a}
}

@electronic{ref:simu,
    title = "Simulação do circuito",
    howpublished = "Disponível em: http://tinyurl.com/y73525ab,
    Acesso em: 10-09-2018",
    url = {http://tinyurl.com/y73525ab}
}

@electronic{ref:datasheet,
    title = "Datasheet",
    howpublished = "Disponível em: https://tinyurl.com/mg5x8ep,
    Acesso em: 10-09-2018",
    url = {http://www.onsemi.com/pub/Collateral/P2N2222A-D.PDF}
}