@book{Sedra2004,
title = {Microelectronic Circuits},
author = {Adel S. Sedra and Kenneth C. Smith},
year = {2004},
edition={fifth},
publisher = {Oxford University Press}
}

@electronic{ref:roteiro,
    title = "Roteiro Experimento 6",
    author={Bruno, MASIERO},
    howpublished = "Disponível em: \url{https://tinyurl.com/y8f8ogz2},
    Acesso em: 09-11-2018",
    url = {https://tinyurl.com/y8f8ogz2}
}

@electronic{ref:exp1,
    title = "Relatório Experimento 1",
    author={Seong Kim and Bianca Itiroko and Luiz Cartolano}, 
    howpublished = "Disponível em: \url{https://tinyurl.com/y8cprwjx},
    Acesso em: 11-11-2018",
    url = {https://tinyurl.com/y8cprwjx}
}

@electronic{ref:exp5,
    title = "Relatório Experimento 5",
    author={Seong Kim and Bianca Itiroko and Luiz Cartolano}, 
    howpublished = "Disponível em: \url{https://tinyurl.com/yceppzja},
    Acesso em: 10-11-2018",
    url = {https://tinyurl.com/yceppzja}
}

@electronic{ref:simu,
    title = "Simulação do circuito da Figura \ref{fig:circ4}",
    author={Seong Kim and Bianca Itiroko and Luiz Cartolano},
    howpublished = "Disponível em: \url{http://tinyurl.com/y7qt3gbv},
    Acesso em: 09-11-2018",
    url = {http://tinyurl.com/y7qt3gbv}
}

