@book{Sedra2004,
title = {Microelectronic Circuits},
author = {Adel S. Sedra and Kenneth C. Smith},
year = {2004},
edition={fifth},
publisher = {Oxford University Press}
}

@electronic{ref:roteiro,
    title = "Pre Relatorio 5",
    author={Bruno, MASIERO},
    howpublished = "Disponível em: https://tinyurl.com/preRelatorio5,
    Acesso em: 17-10-2018",
    url = {https://tinyurl.com/preRelatorio5}
}

@electronic{ref:simu,
    title = "Simulação do circuito",
    howpublished = "Disponível em: http://tinyurl.com/y8zz57s7,
    Acesso em: 17-10-2018",
    url = {http://tinyurl.com/y8zz57s7}
}

@electronic{ref:datasheet,
    title = "Datasheet do Diodo 1N4004",
    howpublished = "Disponível em: https://tinyurl.com/ycgnhqfe,
    Acesso em: 17-10-2018",
    url = {https://tinyurl.com/ycgnhqfe}
}