@book{Sedra2004,
title = {Microelectronic Circuits},
author = {Adel S. Sedra and Kenneth C. Smith},
year = {2004},
edition={fifth},
publisher = {Oxford University Press}
}

@electronic{ref:roteiro,
    title = "Roteiro Experimento 4",
    author={Bruno, MASIERO},
    howpublished = "Disponível em: https://tinyurl.com/ybyw34v9,
    Acesso em: 03-10-2018",
    url = {https://docs.google.com/document/d/1wx_ODfH-vdBbDSnLCrqe-Ev8ltRNfQvreXmxi3IdjM0/edit}
}

@electronic{ref:exp3,
    title = "Relatório Experimento 3",
    author={Seong Kim and Bianca Itiroko and Luiz Cartolano}, 
    howpublished = "Disponível em: https://tinyurl.com/yacpzy3m,
    Acesso em: 03-10-2018",
    url = {https://tinyurl.com/yacpzy3m}
}
