@book{Sedra2004,
title = {Microelectronic Circuits},
author = {Adel S. Sedra and Kenneth C. Smith},
year = {2004},
edition={fifth},
publisher = {Oxford University Press}
}

@electronic{ref:roteiro,
    title = "Roteiro Experimento 3",
    author={Bruno, MASIERO},
    howpublished = "Disponível em: https://bit.ly/2vQIiWx,
    Acesso em: 10-08-2018",
    url = {https://docs.google.com/document/d/1ebqQZsgT4-CpNwL2yDmuB8qPvtMwd6AnMJzR8Nna7OE/edit}
}

@electronic{ref:early,
    title = "Tensão de Early",
    howpublished = "Disponível em:
    https://en.wikipedia.org/wiki/Early\_effect,
    Acesso em: 20-09-2018",
    url = {https://en.wikipedia.org/wiki/Early_effect}
}

